%YAML 1.1
%TAG !u! tag:unity3d.com,2011:
--- !u!29 &1
SceneSettings:
  m_ObjectHideFlags: 0
  m_PVSData: 
  m_PVSObjectsArray: []
  m_PVSPortalsArray: []
  m_OcclusionBakeSettings:
    smallestOccluder: 5
    smallestHole: .25
    backfaceThreshold: 100
--- !u!104 &2
RenderSettings:
  m_ObjectHideFlags: 0
  serializedVersion: 6
  m_Fog: 0
  m_FogColor: {r: .5, g: .5, b: .5, a: 1}
  m_FogMode: 3
  m_FogDensity: .00999999978
  m_LinearFogStart: 0
  m_LinearFogEnd: 300
  m_AmbientSkyColor: {r: .211999997, g: .226999998, b: .259000003, a: 1}
  m_AmbientEquatorColor: {r: .114, g: .125, b: .133000001, a: 1}
  m_AmbientGroundColor: {r: .0469999984, g: .0430000015, b: .0350000001, a: 1}
  m_AmbientIntensity: 1
  m_AmbientMode: 3
  m_SkyboxMaterial: {fileID: 0}
  m_HaloStrength: .5
  m_FlareStrength: 1
  m_FlareFadeSpeed: 3
  m_HaloTexture: {fileID: 0}
  m_SpotCookie: {fileID: 10001, guid: 0000000000000000e000000000000000, type: 0}
  m_DefaultReflectionMode: 0
  m_DefaultReflectionResolution: 128
  m_ReflectionBounces: 1
  m_ReflectionIntensity: 1
  m_CustomReflection: {fileID: 0}
  m_Sun: {fileID: 0}
--- !u!127 &3
LevelGameManager:
  m_ObjectHideFlags: 0
--- !u!157 &4
LightmapSettings:
  m_ObjectHideFlags: 0
  serializedVersion: 5
  m_GIWorkflowMode: 0
  m_LightmapsMode: 1
  m_GISettings:
    serializedVersion: 2
    m_BounceScale: 1
    m_IndirectOutputScale: 1
    m_AlbedoBoost: 1
    m_TemporalCoherenceThreshold: 1
    m_EnvironmentLightingMode: 0
    m_EnableBakedLightmaps: 0
    m_EnableRealtimeLightmaps: 0
  m_LightmapEditorSettings:
    serializedVersion: 3
    m_Resolution: 2
    m_BakeResolution: 40
    m_TextureWidth: 1024
    m_TextureHeight: 1024
    m_AOMaxDistance: 1
    m_Padding: 2
    m_CompAOExponent: 0
    m_LightmapParameters: {fileID: 0}
    m_TextureCompression: 1
    m_FinalGather: 0
    m_FinalGatherRayCount: 1024
  m_LightmapSnapshot: {fileID: 0}
  m_RuntimeCPUUsage: 25
--- !u!196 &5
NavMeshSettings:
  serializedVersion: 2
  m_ObjectHideFlags: 0
  m_BuildSettings:
    serializedVersion: 2
    agentRadius: .5
    agentHeight: 2
    agentSlope: 45
    agentClimb: .400000006
    ledgeDropHeight: 0
    maxJumpAcrossDistance: 0
    accuratePlacement: 0
    minRegionArea: 2
    cellSize: .166666672
    manualCellSize: 0
  m_NavMeshData: {fileID: 0}
--- !u!1001 &283711964
Prefab:
  m_ObjectHideFlags: 0
  serializedVersion: 2
  m_Modification:
    m_TransformParent: {fileID: 0}
    m_Modifications:
    - target: {fileID: 457294, guid: 84fdc19cc2fb9bf4e85ea0d4869e46df, type: 2}
      propertyPath: m_LocalPosition.x
      value: .300000012
      objectReference: {fileID: 0}
    - target: {fileID: 457294, guid: 84fdc19cc2fb9bf4e85ea0d4869e46df, type: 2}
      propertyPath: m_LocalPosition.y
      value: .100000001
      objectReference: {fileID: 0}
    - target: {fileID: 457294, guid: 84fdc19cc2fb9bf4e85ea0d4869e46df, type: 2}
      propertyPath: m_LocalPosition.z
      value: 0
      objectReference: {fileID: 0}
    - target: {fileID: 457294, guid: 84fdc19cc2fb9bf4e85ea0d4869e46df, type: 2}
      propertyPath: m_LocalRotation.x
      value: 0
      objectReference: {fileID: 0}
    - target: {fileID: 457294, guid: 84fdc19cc2fb9bf4e85ea0d4869e46df, type: 2}
      propertyPath: m_LocalRotation.y
      value: 0
      objectReference: {fileID: 0}
    - target: {fileID: 457294, guid: 84fdc19cc2fb9bf4e85ea0d4869e46df, type: 2}
      propertyPath: m_LocalRotation.z
      value: 0
      objectReference: {fileID: 0}
    - target: {fileID: 457294, guid: 84fdc19cc2fb9bf4e85ea0d4869e46df, type: 2}
      propertyPath: m_LocalRotation.w
      value: 1
      objectReference: {fileID: 0}
    - target: {fileID: 457294, guid: 84fdc19cc2fb9bf4e85ea0d4869e46df, type: 2}
      propertyPath: m_RootOrder
      value: 5
      objectReference: {fileID: 0}
    m_RemovedComponents: []
  m_ParentPrefab: {fileID: 100100000, guid: 84fdc19cc2fb9bf4e85ea0d4869e46df, type: 2}
  m_IsPrefabParent: 0
--- !u!1001 &546239170
Prefab:
  m_ObjectHideFlags: 0
  serializedVersion: 2
  m_Modification:
    m_TransformParent: {fileID: 0}
    m_Modifications:
    - target: {fileID: 447026, guid: fd369b7d2763ad240b75155676a2dda1, type: 2}
      propertyPath: m_LocalPosition.x
      value: 14.5
      objectReference: {fileID: 0}
    - target: {fileID: 447026, guid: fd369b7d2763ad240b75155676a2dda1, type: 2}
      propertyPath: m_LocalPosition.y
      value: -1.20000005
      objectReference: {fileID: 0}
    - target: {fileID: 447026, guid: fd369b7d2763ad240b75155676a2dda1, type: 2}
      propertyPath: m_LocalPosition.z
      value: 0
      objectReference: {fileID: 0}
    - target: {fileID: 447026, guid: fd369b7d2763ad240b75155676a2dda1, type: 2}
      propertyPath: m_LocalRotation.x
      value: 0
      objectReference: {fileID: 0}
    - target: {fileID: 447026, guid: fd369b7d2763ad240b75155676a2dda1, type: 2}
      propertyPath: m_LocalRotation.y
      value: 0
      objectReference: {fileID: 0}
    - target: {fileID: 447026, guid: fd369b7d2763ad240b75155676a2dda1, type: 2}
      propertyPath: m_LocalRotation.z
      value: 0
      objectReference: {fileID: 0}
    - target: {fileID: 447026, guid: fd369b7d2763ad240b75155676a2dda1, type: 2}
      propertyPath: m_LocalRotation.w
      value: 1
      objectReference: {fileID: 0}
    - target: {fileID: 447026, guid: fd369b7d2763ad240b75155676a2dda1, type: 2}
      propertyPath: m_RootOrder
      value: 3
      objectReference: {fileID: 0}
    m_RemovedComponents: []
  m_ParentPrefab: {fileID: 100100000, guid: fd369b7d2763ad240b75155676a2dda1, type: 2}
  m_IsPrefabParent: 0
--- !u!1 &559199853
GameObject:
  m_ObjectHideFlags: 0
  m_PrefabParentObject: {fileID: 0}
  m_PrefabInternal: {fileID: 0}
  serializedVersion: 4
  m_Component:
  - 4: {fileID: 559199854}
  m_Layer: 0
  m_Name: InvisPlayer
  m_TagString: Player
  m_Icon: {fileID: 0}
  m_NavMeshLayer: 0
  m_StaticEditorFlags: 0
  m_IsActive: 1
--- !u!4 &559199854
Transform:
  m_ObjectHideFlags: 0
  m_PrefabParentObject: {fileID: 0}
  m_PrefabInternal: {fileID: 0}
  m_GameObject: {fileID: 559199853}
  m_LocalRotation: {x: 0, y: 0, z: 0, w: 1}
  m_LocalPosition: {x: -7, y: .700347364, z: 0}
  m_LocalScale: {x: 1, y: 1, z: 1}
  m_Children: []
  m_Father: {fileID: 0}
  m_RootOrder: 2
--- !u!1001 &1026259804
Prefab:
  m_ObjectHideFlags: 0
  serializedVersion: 2
  m_Modification:
    m_TransformParent: {fileID: 0}
    m_Modifications:
    - target: {fileID: 460676, guid: bf3ed1cb43b77c742a25355ce4a20f42, type: 2}
      propertyPath: m_LocalPosition.x
      value: 8
      objectReference: {fileID: 0}
    - target: {fileID: 460676, guid: bf3ed1cb43b77c742a25355ce4a20f42, type: 2}
      propertyPath: m_LocalPosition.y
      value: .200000003
      objectReference: {fileID: 0}
    - target: {fileID: 460676, guid: bf3ed1cb43b77c742a25355ce4a20f42, type: 2}
      propertyPath: m_LocalPosition.z
      value: 0
      objectReference: {fileID: 0}
    - target: {fileID: 460676, guid: bf3ed1cb43b77c742a25355ce4a20f42, type: 2}
      propertyPath: m_LocalRotation.x
      value: 0
      objectReference: {fileID: 0}
    - target: {fileID: 460676, guid: bf3ed1cb43b77c742a25355ce4a20f42, type: 2}
      propertyPath: m_LocalRotation.y
      value: 0
      objectReference: {fileID: 0}
    - target: {fileID: 460676, guid: bf3ed1cb43b77c742a25355ce4a20f42, type: 2}
      propertyPath: m_LocalRotation.z
      value: 0
      objectReference: {fileID: 0}
    - target: {fileID: 460676, guid: bf3ed1cb43b77c742a25355ce4a20f42, type: 2}
      propertyPath: m_LocalRotation.w
      value: 1
      objectReference: {fileID: 0}
    - target: {fileID: 460676, guid: bf3ed1cb43b77c742a25355ce4a20f42, type: 2}
      propertyPath: m_RootOrder
      value: 0
      objectReference: {fileID: 0}
    m_RemovedComponents: []
  m_ParentPrefab: {fileID: 100100000, guid: bf3ed1cb43b77c742a25355ce4a20f42, type: 2}
  m_IsPrefabParent: 0
--- !u!1 &1085625216
GameObject:
  m_ObjectHideFlags: 0
  m_PrefabParentObject: {fileID: 0}
  m_PrefabInternal: {fileID: 0}
  serializedVersion: 4
  m_Component:
  - 4: {fileID: 1085625218}
  - 212: {fileID: 1085625217}
  - 114: {fileID: 1085625219}
  m_Layer: 0
  m_Name: Main Menu
  m_TagString: Untagged
  m_Icon: {fileID: 0}
  m_NavMeshLayer: 0
  m_StaticEditorFlags: 0
  m_IsActive: 1
--- !u!212 &1085625217
SpriteRenderer:
  m_ObjectHideFlags: 0
  m_PrefabParentObject: {fileID: 0}
  m_PrefabInternal: {fileID: 0}
  m_GameObject: {fileID: 1085625216}
  m_Enabled: 1
  m_CastShadows: 0
  m_ReceiveShadows: 0
  m_Materials:
  - {fileID: 10754, guid: 0000000000000000e000000000000000, type: 0}
  m_SubsetIndices: 
  m_StaticBatchRoot: {fileID: 0}
  m_UseLightProbes: 1
  m_ReflectionProbeUsage: 1
  m_ProbeAnchor: {fileID: 0}
  m_ScaleInLightmap: 1
  m_PreserveUVs: 0
  m_ImportantGI: 0
  m_AutoUVMaxDistance: .5
  m_AutoUVMaxAngle: 89
  m_LightmapParameters: {fileID: 0}
  m_SortingLayerID: 0
  m_SortingOrder: 10
  m_Sprite: {fileID: 21300000, guid: a042d697902dbb0418c7734d40b9f88f, type: 3}
  m_Color: {r: 1, g: 1, b: 1, a: 1}
--- !u!4 &1085625218
Transform:
  m_ObjectHideFlags: 0
  m_PrefabParentObject: {fileID: 0}
  m_PrefabInternal: {fileID: 0}
  m_GameObject: {fileID: 1085625216}
  m_LocalRotation: {x: 0, y: 0, z: 0, w: 1}
  m_LocalPosition: {x: .150000006, y: .910000026, z: 0}
  m_LocalScale: {x: 1, y: 1, z: 1}
  m_Children: []
  m_Father: {fileID: 0}
  m_RootOrder: 4
--- !u!114 &1085625219
MonoBehaviour:
  m_ObjectHideFlags: 0
  m_PrefabParentObject: {fileID: 0}
  m_PrefabInternal: {fileID: 0}
  m_GameObject: {fileID: 1085625216}
  m_Enabled: 1
  m_EditorHideFlags: 0
  m_Script: {fileID: 11500000, guid: ac9e0c1078964914383a6968aa84bc5c, type: 3}
  m_Name: 
  m_EditorClassIdentifier: 
  LEAVE_SCENE_ANIM: {fileID: 7400000, guid: 2661b9870f3d627478f61adfbb10678f, type: 2}
--- !u!1 &1203656164
GameObject:
  m_ObjectHideFlags: 0
  m_PrefabParentObject: {fileID: 0}
  m_PrefabInternal: {fileID: 0}
  serializedVersion: 4
  m_Component:
  - 224: {fileID: 1203656168}
  - 223: {fileID: 1203656167}
  - 114: {fileID: 1203656166}
  - 114: {fileID: 1203656165}
  m_Layer: 5
  m_Name: Canvas
  m_TagString: Untagged
  m_Icon: {fileID: 0}
  m_NavMeshLayer: 0
  m_StaticEditorFlags: 0
  m_IsActive: 1
--- !u!114 &1203656165
MonoBehaviour:
  m_ObjectHideFlags: 0
  m_PrefabParentObject: {fileID: 0}
  m_PrefabInternal: {fileID: 0}
  m_GameObject: {fileID: 1203656164}
  m_Enabled: 1
  m_EditorHideFlags: 0
  m_Script: {fileID: 1301386320, guid: f5f67c52d1564df4a8936ccd202a3bd8, type: 3}
  m_Name: 
  m_EditorClassIdentifier: 
  m_IgnoreReversedGraphics: 1
  m_BlockingObjects: 0
  m_BlockingMask:
    serializedVersion: 2
    m_Bits: 4294967295
--- !u!114 &1203656166
MonoBehaviour:
  m_ObjectHideFlags: 0
  m_PrefabParentObject: {fileID: 0}
  m_PrefabInternal: {fileID: 0}
  m_GameObject: {fileID: 1203656164}
  m_Enabled: 1
  m_EditorHideFlags: 0
  m_Script: {fileID: 1980459831, guid: f5f67c52d1564df4a8936ccd202a3bd8, type: 3}
  m_Name: 
  m_EditorClassIdentifier: 
  m_UiScaleMode: 1
  m_ReferencePixelsPerUnit: 100
  m_ScaleFactor: 1
  m_ReferenceResolution: {x: 800, y: 600}
  m_ScreenMatchMode: 0
  m_MatchWidthOrHeight: 0
  m_PhysicalUnit: 3
  m_FallbackScreenDPI: 96
  m_DefaultSpriteDPI: 96
  m_DynamicPixelsPerUnit: 1
--- !u!223 &1203656167
Canvas:
  m_ObjectHideFlags: 0
  m_PrefabParentObject: {fileID: 0}
  m_PrefabInternal: {fileID: 0}
  m_GameObject: {fileID: 1203656164}
  m_Enabled: 1
  serializedVersion: 2
  m_RenderMode: 1
  m_Camera: {fileID: 1389160592}
  m_PlaneDistance: 100
  m_PixelPerfect: 0
  m_ReceivesEvents: 1
  m_OverrideSorting: 0
  m_OverridePixelPerfect: 0
  m_SortingLayerID: 0
  m_SortingOrder: 0
--- !u!224 &1203656168
RectTransform:
  m_ObjectHideFlags: 0
  m_PrefabParentObject: {fileID: 0}
  m_PrefabInternal: {fileID: 0}
  m_GameObject: {fileID: 1203656164}
  m_LocalRotation: {x: 0, y: 0, z: 0, w: 1}
  m_LocalPosition: {x: 0, y: 0, z: 0}
  m_LocalScale: {x: 0, y: 0, z: 0}
  m_Children:
  - {fileID: 1820228599}
  m_Father: {fileID: 0}
  m_RootOrder: 6
  m_AnchorMin: {x: 0, y: 0}
  m_AnchorMax: {x: 0, y: 0}
  m_AnchoredPosition: {x: 0, y: 0}
  m_SizeDelta: {x: 0, y: 0}
  m_Pivot: {x: 0, y: 0}
--- !u!1 &1389160588
GameObject:
  m_ObjectHideFlags: 0
  m_PrefabParentObject: {fileID: 0}
  m_PrefabInternal: {fileID: 0}
  serializedVersion: 4
  m_Component:
  - 4: {fileID: 1389160593}
  - 20: {fileID: 1389160592}
  - 92: {fileID: 1389160591}
  - 124: {fileID: 1389160590}
  - 81: {fileID: 1389160589}
  - 114: {fileID: 1389160594}
  - 114: {fileID: 1389160595}
  m_Layer: 0
  m_Name: Main Camera
  m_TagString: MainCamera
  m_Icon: {fileID: 0}
  m_NavMeshLayer: 0
  m_StaticEditorFlags: 0
  m_IsActive: 1
--- !u!81 &1389160589
AudioListener:
  m_ObjectHideFlags: 0
  m_PrefabParentObject: {fileID: 0}
  m_PrefabInternal: {fileID: 0}
  m_GameObject: {fileID: 1389160588}
  m_Enabled: 1
--- !u!124 &1389160590
Behaviour:
  m_ObjectHideFlags: 0
  m_PrefabParentObject: {fileID: 0}
  m_PrefabInternal: {fileID: 0}
  m_GameObject: {fileID: 1389160588}
  m_Enabled: 1
--- !u!92 &1389160591
Behaviour:
  m_ObjectHideFlags: 0
  m_PrefabParentObject: {fileID: 0}
  m_PrefabInternal: {fileID: 0}
  m_GameObject: {fileID: 1389160588}
  m_Enabled: 1
--- !u!20 &1389160592
Camera:
  m_ObjectHideFlags: 0
  m_PrefabParentObject: {fileID: 0}
  m_PrefabInternal: {fileID: 0}
  m_GameObject: {fileID: 1389160588}
  m_Enabled: 1
  serializedVersion: 2
  m_ClearFlags: 1
  m_BackGroundColor: {r: .203921571, g: .596078455, b: .858823538, a: .00392156886}
  m_NormalizedViewPortRect:
    serializedVersion: 2
    x: 0
    y: 0
    width: 1
    height: 1
  near clip plane: .300000012
  far clip plane: 1000
  field of view: 60
  orthographic: 1
  orthographic size: 5
  m_Depth: -1
  m_CullingMask:
    serializedVersion: 2
    m_Bits: 4294967295
  m_RenderingPath: -1
  m_TargetTexture: {fileID: 0}
  m_TargetDisplay: 0
  m_HDR: 0
  m_OcclusionCulling: 1
  m_StereoConvergence: 10
  m_StereoSeparation: .0219999999
  m_StereoMirrorMode: 0
--- !u!4 &1389160593
Transform:
  m_ObjectHideFlags: 0
  m_PrefabParentObject: {fileID: 0}
  m_PrefabInternal: {fileID: 0}
  m_GameObject: {fileID: 1389160588}
  m_LocalRotation: {x: 0, y: 0, z: 0, w: 1}
  m_LocalPosition: {x: 0, y: 0, z: -10}
  m_LocalScale: {x: 1, y: 1, z: 1}
  m_Children: []
  m_Father: {fileID: 0}
  m_RootOrder: 1
--- !u!114 &1389160594
MonoBehaviour:
  m_ObjectHideFlags: 0
  m_PrefabParentObject: {fileID: 0}
  m_PrefabInternal: {fileID: 0}
  m_GameObject: {fileID: 1389160588}
  m_Enabled: 1
  m_EditorHideFlags: 0
  m_Script: {fileID: 11500000, guid: 7f1d48f07a4fabe48a0f58219acdd541, type: 3}
  m_Name: 
  m_EditorClassIdentifier: 
  isInitialized: 0
  selectables:
  - {fileID: 11445962, guid: 0b1aa5518cbbed74389b6f42e70ab7c7, type: 2}
  - {fileID: 11452828, guid: a9d0d00359df88c438578ea77c8782f9, type: 2}
  - {fileID: 11482486, guid: da11eeed5f0fb6e41adf716c2ce2dbce, type: 2}
  - {fileID: 11497182, guid: 1569c2c7272cb714791028031541c625, type: 2}
  - {fileID: 11492670, guid: 19e1187e047adcf4499955bf9c9a8bd4, type: 2}
  - {fileID: 11428110, guid: a638095a23b88f94cac9085229e1c4c7, type: 2}
  - {fileID: 11491102, guid: d87869ec34ed07d489b3d0555fc991ca, type: 2}
  - {fileID: 11463912, guid: 28d62a73db6361a43a3630782760003d, type: 2}
  - {fileID: 11405576, guid: 73f78e2cf02b977408ca8ccf405507b1, type: 2}
  - {fileID: 11415992, guid: 343b6aeb88f235046a5ab399b7df9d13, type: 2}
  - {fileID: 11483008, guid: 94e55d16108c9374c87016f90b442c90, type: 2}
  - {fileID: 11481638, guid: 35e86d043c6fea343bad6a027dd00517, type: 2}
  - {fileID: 11436096, guid: 0c4f9cf745adebd448d6ff94324dc545, type: 2}
  - {fileID: 11437124, guid: 7fe048636bf3e0040a1d9d437b838919, type: 2}
  - {fileID: 11426982, guid: 336e27cc8f0a2004697af36d4a318979, type: 2}
  - {fileID: 11400762, guid: 9d20536a6f2374e48a243e0b22d33b0c, type: 2}
  - {fileID: 11479016, guid: 480960aa9fa374349bc01c67b1f5f422, type: 2}
  - {fileID: 11409998, guid: 06d68423ade869747afd6fd08689607c, type: 2}
  - {fileID: 11428894, guid: b9cbcbb1718d90a4c89a4fcc9cfc73cb, type: 2}
  - {fileID: 11438458, guid: e79f7e2aefe078e448b6fafd4515f6b0, type: 2}
  - {fileID: 11459438, guid: 5c318de5100fe964c90f40a29c6a2d7a, type: 2}
  - {fileID: 11410816, guid: 42793be3485da9c46acd95bc2f954d07, type: 2}
  - {fileID: 11401548, guid: a3aa51bf39ad20f48a5d5b9848ac9ab6, type: 2}
  - {fileID: 11407676, guid: 4119bfa5c7fd6124aaa8d95395a0d079, type: 2}
  - {fileID: 11492752, guid: a43fcc51fbf78e94aba6d7d07cd0f395, type: 2}
  - {fileID: 11438572, guid: 25a3662ab7961fa499705193ed3fb291, type: 2}
  - {fileID: 11449396, guid: 83441f4b1a37dea4c8df9a0e3ce7e776, type: 2}
  - {fileID: 11434636, guid: a45cb8e533b0230478e5e87ed1912838, type: 2}
  - {fileID: 11445464, guid: e310a8e79a267204a8088ad79b79d2b4, type: 2}
  - {fileID: 11447654, guid: fc724f3e59fa0fe4db0fec8de2b78fb4, type: 2}
  - {fileID: 11423634, guid: 0fa544c688abcfb48bdc29c8c8bae864, type: 2}
  - {fileID: 11442670, guid: d7a337cc012859146990423c7eb428da, type: 2}
  - {fileID: 11455702, guid: 4b49562e3748f494b9fa6bb0c4e5e083, type: 2}
  - {fileID: 11418904, guid: e746bac751f113c46b525690a1dca590, type: 2}
  - {fileID: 11423374, guid: 2de5e8f47ba665345a1d3ab75f4b8838, type: 2}
  - {fileID: 11455044, guid: e7eeff8ffb7839349ac80dae3e537ef2, type: 2}
  - {fileID: 11487750, guid: f2f4fa32f50476b42be1316760e50f07, type: 2}
  - {fileID: 11422978, guid: f06d80a52824c084792c0cdac0290ea2, type: 2}
  - {fileID: 11417708, guid: 501b6eb9af1ed85499be59bd7cc389e0, type: 2}
  - {fileID: 11408568, guid: 7f30c9c1ba133584cbbf625d45106448, type: 2}
  - {fileID: 11426570, guid: f0b28c8256b535c479cb4edc97bbdba7, type: 2}
  - {fileID: 11475374, guid: 30adc2b1546f81046b8080847376375a, type: 2}
  - {fileID: 11478414, guid: 271c8248396d4c04c915a1113382ccc5, type: 2}
  - {fileID: 11477798, guid: 62eec998272a04f4f9552926a3a5fcc5, type: 2}
--- !u!114 &1389160595
MonoBehaviour:
  m_ObjectHideFlags: 0
  m_PrefabParentObject: {fileID: 0}
  m_PrefabInternal: {fileID: 0}
  m_GameObject: {fileID: 1389160588}
  m_Enabled: 1
  m_EditorHideFlags: 0
  m_Script: {fileID: 11500000, guid: a67ea301da40aae4eb2e206bd7d7085d, type: 3}
  m_Name: 
  m_EditorClassIdentifier: 
--- !u!1 &1668656665
GameObject:
  m_ObjectHideFlags: 0
  m_PrefabParentObject: {fileID: 0}
  m_PrefabInternal: {fileID: 0}
  serializedVersion: 4
  m_Component:
  - 4: {fileID: 1668656669}
  - 114: {fileID: 1668656668}
  - 114: {fileID: 1668656667}
  - 114: {fileID: 1668656666}
  m_Layer: 0
  m_Name: EventSystem
  m_TagString: Untagged
  m_Icon: {fileID: 0}
  m_NavMeshLayer: 0
  m_StaticEditorFlags: 0
  m_IsActive: 1
--- !u!114 &1668656666
MonoBehaviour:
  m_ObjectHideFlags: 0
  m_PrefabParentObject: {fileID: 0}
  m_PrefabInternal: {fileID: 0}
  m_GameObject: {fileID: 1668656665}
  m_Enabled: 1
  m_EditorHideFlags: 0
  m_Script: {fileID: 1997211142, guid: f5f67c52d1564df4a8936ccd202a3bd8, type: 3}
  m_Name: 
  m_EditorClassIdentifier: 
  m_AllowActivationOnStandalone: 0
--- !u!114 &1668656667
MonoBehaviour:
  m_ObjectHideFlags: 0
  m_PrefabParentObject: {fileID: 0}
  m_PrefabInternal: {fileID: 0}
  m_GameObject: {fileID: 1668656665}
  m_Enabled: 1
  m_EditorHideFlags: 0
  m_Script: {fileID: 1077351063, guid: f5f67c52d1564df4a8936ccd202a3bd8, type: 3}
  m_Name: 
  m_EditorClassIdentifier: 
  m_HorizontalAxis: Horizontal
  m_VerticalAxis: Vertical
  m_SubmitButton: Submit
  m_CancelButton: Cancel
  m_InputActionsPerSecond: 10
  m_RepeatDelay: .5
  m_AllowActivationOnMobileDevice: 0
--- !u!114 &1668656668
MonoBehaviour:
  m_ObjectHideFlags: 0
  m_PrefabParentObject: {fileID: 0}
  m_PrefabInternal: {fileID: 0}
  m_GameObject: {fileID: 1668656665}
  m_Enabled: 1
  m_EditorHideFlags: 0
  m_Script: {fileID: -619905303, guid: f5f67c52d1564df4a8936ccd202a3bd8, type: 3}
  m_Name: 
  m_EditorClassIdentifier: 
  m_FirstSelected: {fileID: 0}
  m_sendNavigationEvents: 1
  m_DragThreshold: 5
--- !u!4 &1668656669
Transform:
  m_ObjectHideFlags: 0
  m_PrefabParentObject: {fileID: 0}
  m_PrefabInternal: {fileID: 0}
  m_GameObject: {fileID: 1668656665}
  m_LocalRotation: {x: 0, y: 0, z: 0, w: 1}
  m_LocalPosition: {x: 0, y: 0, z: 0}
  m_LocalScale: {x: 1, y: 1, z: 1}
  m_Children: []
  m_Father: {fileID: 0}
  m_RootOrder: 7
--- !u!1 &1820228598
GameObject:
  m_ObjectHideFlags: 0
  m_PrefabParentObject: {fileID: 0}
  m_PrefabInternal: {fileID: 0}
  serializedVersion: 4
  m_Component:
  - 224: {fileID: 1820228599}
  - 222: {fileID: 1820228602}
  - 114: {fileID: 1820228601}
  - 114: {fileID: 1820228600}
  m_Layer: 5
  m_Name: Button
  m_TagString: Untagged
  m_Icon: {fileID: 0}
  m_NavMeshLayer: 0
  m_StaticEditorFlags: 0
  m_IsActive: 1
--- !u!224 &1820228599
RectTransform:
  m_ObjectHideFlags: 0
  m_PrefabParentObject: {fileID: 0}
  m_PrefabInternal: {fileID: 0}
  m_GameObject: {fileID: 1820228598}
  m_LocalRotation: {x: 0, y: 0, z: 0, w: 1}
  m_LocalPosition: {x: 0, y: 0, z: 0}
  m_LocalScale: {x: 1, y: 1, z: 1}
  m_Children: []
  m_Father: {fileID: 1203656168}
  m_RootOrder: 0
  m_AnchorMin: {x: .5, y: .5}
  m_AnchorMax: {x: .5, y: .5}
  m_AnchoredPosition: {x: 4, y: -28}
  m_SizeDelta: {x: 800, y: 800}
  m_Pivot: {x: .5, y: .5}
--- !u!114 &1820228600
MonoBehaviour:
  m_ObjectHideFlags: 0
  m_PrefabParentObject: {fileID: 0}
  m_PrefabInternal: {fileID: 0}
  m_GameObject: {fileID: 1820228598}
  m_Enabled: 1
  m_EditorHideFlags: 0
  m_Script: {fileID: 1392445389, guid: f5f67c52d1564df4a8936ccd202a3bd8, type: 3}
  m_Name: 
  m_EditorClassIdentifier: 
  m_Navigation:
    m_Mode: 3
    m_SelectOnUp: {fileID: 0}
    m_SelectOnDown: {fileID: 0}
    m_SelectOnLeft: {fileID: 0}
    m_SelectOnRight: {fileID: 0}
  m_Transition: 1
  m_Colors:
    m_NormalColor: {r: 1, g: 1, b: 1, a: 1}
    m_HighlightedColor: {r: .960784316, g: .960784316, b: .960784316, a: 1}
    m_PressedColor: {r: .784313738, g: .784313738, b: .784313738, a: 1}
    m_DisabledColor: {r: .784313738, g: .784313738, b: .784313738, a: .501960814}
    m_ColorMultiplier: 1
    m_FadeDuration: .100000001
  m_SpriteState:
    m_HighlightedSprite: {fileID: 0}
    m_PressedSprite: {fileID: 0}
    m_DisabledSprite: {fileID: 0}
  m_AnimationTriggers:
    m_NormalTrigger: Normal
    m_HighlightedTrigger: Highlighted
    m_PressedTrigger: Pressed
    m_DisabledTrigger: Disabled
  m_Interactable: 1
  m_TargetGraphic: {fileID: 1820228601}
  m_OnClick:
    m_PersistentCalls:
      m_Calls:
      - m_Target: {fileID: 1085625216}
        m_MethodName: SendMessage
        m_Mode: 5
        m_Arguments:
          m_ObjectArgument: {fileID: 0}
          m_ObjectArgumentAssemblyTypeName: UnityEngine.Object, UnityEngine
          m_IntArgument: 0
          m_FloatArgument: 0
          m_StringArgument: LoadBase
          m_BoolArgument: 0
        m_CallState: 2
      - m_Target: {fileID: 1888612592}
        m_MethodName: SendMessage
        m_Mode: 5
        m_Arguments:
          m_ObjectArgument: {fileID: 0}
          m_ObjectArgumentAssemblyTypeName: UnityEngine.Object, UnityEngine
          m_IntArgument: 0
          m_FloatArgument: 0
          m_StringArgument: End
          m_BoolArgument: 0
        m_CallState: 2
    m_TypeName: UnityEngine.UI.Button+ButtonClickedEvent, UnityEngine.UI, Version=1.0.0.0,
      Culture=neutral, PublicKeyToken=null
--- !u!114 &1820228601
MonoBehaviour:
  m_ObjectHideFlags: 0
  m_PrefabParentObject: {fileID: 0}
  m_PrefabInternal: {fileID: 0}
  m_GameObject: {fileID: 1820228598}
  m_Enabled: 1
  m_EditorHideFlags: 0
  m_Script: {fileID: -765806418, guid: f5f67c52d1564df4a8936ccd202a3bd8, type: 3}
  m_Name: 
  m_EditorClassIdentifier: 
  m_Material: {fileID: 0}
  m_Color: {r: 1, g: 1, b: 1, a: 0}
  m_Sprite: {fileID: 10905, guid: 0000000000000000f000000000000000, type: 0}
  m_Type: 1
  m_PreserveAspect: 0
  m_FillCenter: 1
  m_FillMethod: 4
  m_FillAmount: 1
  m_FillClockwise: 1
  m_FillOrigin: 0
--- !u!222 &1820228602
CanvasRenderer:
  m_ObjectHideFlags: 0
  m_PrefabParentObject: {fileID: 0}
  m_PrefabInternal: {fileID: 0}
  m_GameObject: {fileID: 1820228598}
--- !u!1 &1888612592 stripped
GameObject:
  m_PrefabParentObject: {fileID: 174052, guid: 84fdc19cc2fb9bf4e85ea0d4869e46df, type: 2}
  m_PrefabInternal: {fileID: 283711964}
